<?xml version="1.0" encoding="UTF-8"?><collection xmlns="http://www.loc.gov/MARC21/slim"><record><leader>00355nam--2200109-i-4500</leader><controlfield tag="001">000005540</controlfield><controlfield tag="002">20161230</controlfield><controlfield tag="005">20161230201026</controlfield><controlfield tag="008">060222s1000------------r-----000-0-eng-d</controlfield><datafield ind1=" " ind2=" " tag="245"><subfield code="a">Applications economiques de l`energie atomique production d`energie et utilisations industrie lles et agricoles</subfield></datafield><datafield ind1=" " ind2=" " tag="260"><subfield code="a">New York, Nations Unies, 1957 X + 118 P</subfield></datafield><datafield ind1=" " ind2=" " tag="852"><subfield code="a">16439</subfield></datafield></record></collection>